@book {book:chorin,
    AUTHOR = {Chorin, Alexandre J. and Marsden, Jerrold E.},
     TITLE = {A mathematical introduction to fluid mechanics},
    SERIES = {Texts in Applied Mathematics},
    VOLUME = {4},
   EDITION = {Third},
 PUBLISHER = {Springer-Verlag, New York},
      YEAR = {1993},
     PAGES = {xii+169},
      ISBN = {0-387-97918-2},
   MRCLASS = {76-02 (35Qxx)},
  MRNUMBER = {1218879},
       DOI = {10.1007/978-1-4612-0883-9},
       URL = {https://doi.org/10.1007/978-1-4612-0883-9},
}

@book {book:newton,
    AUTHOR = {Newton, Paul K.},
     TITLE = {The {$N$}-vortex problem},
    SERIES = {Applied Mathematical Sciences},
    VOLUME = {145},
      NOTE = {Analytical techniques},
 PUBLISHER = {Springer-Verlag, New York},
      YEAR = {2001},
     PAGES = {xviii+415},
      ISBN = {0-387-95226-8},
   MRCLASS = {76B47 (37F15 37J45 37N10 76F20)},
  MRNUMBER = {1831715},
MRREVIEWER = {Hassan Aref},
       DOI = {10.1007/978-1-4684-9290-3},
       URL = {https://doi.org/10.1007/978-1-4684-9290-3},
}